@techreport{Trilinos-Overview,
title = "{An Overview of Trilinos}",
author = "Michael Heroux et. al. ", 
institution = "Sandia National Laboratories",
number = "SAND2003-2927",
year = 2003}

@article{erin01, 
auTHor = "E. D. Fichtl and A. K. Prinja", 
Title = "{The Stochastic Collocation Method for Radiation Transport in Random Media}", 
journal = "J. Quantitative Spectroscopy \& Radiative Transfer",
volume= 12,
YEAR = 2011, 
}

@article{mike01, 
auTHor = "M.E. Rising and A.K. Prinja and P. Talou", 
Title = "{Prompt Fission Neutron Spectrum Uncertainty Propagation Using Polynomial Chaos Expansion}", 
journal = "Nucl. Sci. Eng.",
volume= 175,
YEAR = 2013, 
}


@article{physor2016,
  Author = {Talbot and Wang and Rabiti},
  Journal = {2016 PHYSOR transactions},
  Month = {May},
	Title = {Multistep input reduction for high dimensional uncertainty quantification in RAVEN code},
	Year = {2016}}

@article{ans2016sum,
  Author = {Talbot and Prinja and Rabiti},
  Journal = {2016 ANS summer conference transactions},
  Month = {June},
	Pages = {738--740},
	Title = {Adaptive Sparse-Grid Stochastic Collocation Uncertainty Quantification Convergence for Multigroup Diffusion},
	Volume = {114},
	Year = {2016}}

@article{ans2014,
  Author = {Talbot and Prinja},
  Journal = {2014 ANS winter conference transactions},
  Month = {November},
	Pages = {747--750},
	Title = {Sparse-grid stochastic collocation uncertainty quantification convergence for multigroup diffusion},
	Volume = {111},
	Year = {2014}}

@article{ayres2,
  Author = {Cooling and Ayres and Prinja and Eaton},
  Journal = {Annals of Nuclear Energy},
  Month = {November},
	Pages = {158--173},
	Title = {Uncertainty and global sensitivity analysis of neutron survival and extinction probabilities using polynomial chaos},
	Volume = {88},
	Year = {2016}}

@article{Ayres,
	Author = {Ayres and Eaton},
	Journal = {Annals of Nuclear Energy},
	Month = {May},
	Numpages = {23},
	Pages = {379--402},
	Title = {Uncertainty quantification in nuclear criticality modelling using a high dimensional model representation},
	Volume = {80},
	Year = {2015}}

@InProceedings{cristiansmeared,
  title="Fuel reliability analysis using bison and raven",
  booktitle = "PSA 2015 Probabilistic Safety Assessment and Analysis",
  Author = "Rabiti and Cogliati and Pastore and Gardner and Alfonsi",
  month="April",
  year="2015",
  address="Sun Valley, Idaho"
}

# mc
@article{mc
  title={The monte carlo method},
  author={Metropolis, Nicholas and Ulam, Stanislaw},
  journal={Journal of the American statistical association},
  volume={44},
  number={247},
  pages={335--341},
  year={1949},
  publisher={Taylor \& Francis Group}
}

@article{mcfermi,
  title={The beginning of the Monte Carlo method},
  author={Metropolis, Nicholas},
  journal={Los Alamos Science},
  volume={15},
  number={584},
  pages={125--130},
  year={1987}
}

@article{mcvarred,
  title={Methods of reducing sample size in Monte Carlo computations},
  author={Kahn, Herman and Marshall, Andy W},
  journal={Journal of the Operations Research Society of America},
  volume={1},
  number={5},
  pages={263--278},
  year={1953},
  publisher={INFORMS}
}

@article{mcnpvarred
  title={MCNP variance reduction examples},
  author={Booth, Thomas E},
  journal={Los Alamos National Laboratory, Diagnostic Applications Group X-5. Mail Stop F},
  volume={663},
  year={2004}
}

#lhs and mc
@aricle{lhs,
  title="A comparison of three methods for selecting values of input variables in the analysis of output from a computer code",
  journal="Technometrics",
  volume="21",
  number="2",
  pages="239--245",
  year="1979",
  author="McKay and Beckman and Conover"
}

@article{wiener,
  title="The homogeneous chaos",
  author="Wiener",
  journal="American Journal of Mathematics",
  volume="60",
  pages="897--936",
  year="1938"
}

@article{galerkin,
 author = "Babuska and Tempone and Zouraris",
 title = "Galerkin finite element approximations of stochastic elliptic partial differential equations",
 journal = "SIAM Journal on Numerical Analysis",
 volume = "42",
 number = "2",
 pages = "800-825",
 year = "2004"
}

@techreport{mammoth,
 title={The coupling of the neutron transport application rattlesnake to the nuclear fuels performance application bison under the moose framework},
 author={Gleicher and Williamson and Ortensi and Wang and Spencer and Novascone and Hales and Martineau},
 year={2015},
 institution={Idaho National Laboratory (INL)}
}

@article{moose,
  title = "MOOSE: a parallel computational framework for coupled systems of nonlinear equations ",
  journal = "Nuclear Engineering and Design ",
  volume = "239",
  number = "10",
  pages = "1768 - 1778",
  year = "2009",
  note = "",
  OPTissn = "0029-5493",
  OPTdoi = "http://dx.doi.org/10.1016/j.nucengdes.2009.05.021",
  OPTurl = "http://www.sciencedirect.com/science/article/pii/S0029549309002635",
  author = "Gaston and Newman and Hansen and Lebrun-Grandié"
}

@article{bison,
  title = "Three dimensional coupled simulation of thermomechanics, heat, and oxygen diffusion in nuclear fuel rods ",
  journal = "Journal of Nuclear Materials ",
  volume = "392",
  number = "1",
  pages = "6 - 15",
  year = "2009",
  note = "",
  OPTissn = "0022-3115",
  OPTdoi = "http://dx.doi.org/10.1016/j.jnucmat.2009.03.035",
  OPTurl = "http://www.sciencedirect.com/science/article/pii/S0022311509004450",
  author = "Newman and Hansen and Gaston"
}

@InProceedings{raven,
  title="RAVEN, a new software for dynamic risk analysis",
  booktitle = "PSAM 12 Probabilistic Safety Assessment and Management",
  Author = "Rabiti and Alfonsi and Mandelli and Cogliati and Kinoshita",
  month="June",
  year="2014",
  address="Honolulu, Hawaii"
}

@InProceedings{rattlesnake,
  title="Nonlinear diffusion acceleration for the multigroup transport equation discretized with SN and continuous FEM with RattleSNake",
  booktitle = "Proceedings of the International Conference on Mathematics and Computational Methods Applied to Nuclear Science \& Engineering (M\&C 2013)",
  Author = "Wang",
  month = "May",
  year = "2013",
  address = "Sun Valley, Idaho"
}

@article{xiu,
  author = {Xiu and Karniadakis},
  title = {The Wiener--Askey polynomial chaos for stochastic differential equations},
  journal = {SIAM Journal on Scientific Computing},
  volume = {24},
  number = {2},
  pages = {619-644},
  year = {2002},
  OPTdoi = {10.1137/S1064827501387826},
  OPTURL = {http://epubs.siam.org/doi/abs/10.1137/S1064827501387826},
  OPTeprint = {http://epubs.siam.org/doi/pdf/10.1137/S1064827501387826}
}

@article{Wiener-Askey,
  title="Some basic hypergeometric orthogonal polynomials that generalize Jacobi polynomials",
  author="Askey and Wilson",
  journal="Memoirs of the American Mathematical Society",
  volume="54",
  pages="1--55",
  year="1985"
}

#HC and TD
@incollection{hctd,
  year={1997},
  OPTisbn={978-3-0348-9808-9},
  booktitle={Multivariate approximation and splines},
  volume={125},
  series={ISNM International Series of Numerical Mathematics},
  editor={Nürnberger, Günther and Schmidt, JochenW. and Walz, Guido},
  OPTdoi={10.1007/978-3-0348-8871-4_15},
  title={The Curse of Dimension and a Universal Method For Numerical Integration},
  OPTurl={http://dx.doi.org/10.1007/978-3-0348-8871-4_15},
  publisher={Birkhäuser Basel},
  author={Novak and Ritter},
  pages={177-187},
  language={English}
}

@inproceedings{smolyak,
  title={Quadrature and interpolation formulas for tensor products of certain classes of functions},
  author={Smolyak},
  booktitle={Dokl. Akad. Nauk SSSR},
  volume={4},
  number={240-243},
  pages={123},
  year={1963}
}

@article{goodclenshaw,
  title="Is guass quadrature better than clenshaw-curtis?",
  author="Trefethen",
  journal="SIAM Review",
  volume="50",
  number="1",
  pages="67--87",
  year="2008"
}

@article{Gerstner,
  title="Dimension-adaptive tensor-product quadrature",
  author="Gerstner and Griebel",
  journal="Computing",
  volume="71",
  year="2003"
}

@article{bigbison,
  title="Uncertainty and sensitivity analysis of the nuclear fuel thermal behavior",
  author="Boulore and Struzik and Gaudier",
  journal="Nuclear Engineering and Design",
  volume="253",
  pages="200--210",
  year="2012"
}

#from uq.bib
@article{benchmark,
  title={Argonne code center: benchmark problem book},
  author={Argonne National Laboratory},
  journal={ANL-7416 M\&C Division of ANS},
  year={1968}
}

@article{SCLagrange, 
auTHor = "Babuska and Nobile and Tempone", 
Title = "{A stochastic collocation method for elliptic partial differential equations with random input data}", 
journal = "SIAM Journal on Numerical Analysis",
volume = 45,
YEAR = 2007, 
} 

@article{hdmr, 
auTHor = "Li and Rosenthal and Rabitz", 
Title = "{High dimensional model representations}", 
journal = "J. Phys. Chem. A",
volume = 105,
YEAR = 2001, 
} 

@article{hdmr_neutron, 
auTHor = "Hu and Smith and Willert and Kelley", 
Title = "{High dimensional model representations for the neutron transport equation}", 
journal = "NS\&E",
volume = 177,
YEAR = 2014, 
} 

#no TD or HC, just SC
@article{sparseSC, 
auTHor = "Nobile and Tempone and Webster", 
Title = "{A sparse grid stochastic collocation method for partial differential equations with random input data}", 
journal = "SIAM Journal on Numerical Analysis",
volume = 46,
YEAR = 2008, 
} 

@article{sparse1, 
auTHor = "Barthelmann and Novak and Ritter", 
Title = "{High dimensional polynomial interpolation on sparse grids}", 
journal = "Advances in Computational Mathematics",
volume = 12,
YEAR = 2000, 
} 

@article{sparse2, 
auTHor = "Bungartz and Griebel", 
Title = "{Sparse grids}", 
journal = "Acta Numerica",
volume = 13,
YEAR = 2004, 
}

@book{textbook,
Author = {Le Ma\^{i}tre and Knio},
Date-Added = {2014-06-30},
Date-Modified = {2014-06-30},
Edition = {1st},
Publisher = {Springer},
Title = {Spectral methods for uncertainty quantification with applications to computational fluid dynamics},
Year = {2010}}​

@article{erin01, 
auTHor = "Fichtl and Prinja", 
Title = "{The stochastic collocation method for radiation transport in random media}", 
journal = "J. Quantitative Spectroscopy \& Radiative Transfer",
volume= 12,
YEAR = 2011, 
}

@article{mike01, 
auTHor = "Rising and Prinja and Talou", 
Title = "{Prompt fission neutron spectrum uncertainty propagation using polynomial chaos expansion}", 
journal = "Nucl. Sci. Eng.",
volume= 175,
YEAR = 2013, 
}

@article{OECDbench,
  author = "Blyth and Porter and Avramova and Ivanov and Royer and Sartori and Cabellos and Feroukhi and Ivanov",
  title = "Benchmark for uncertainty analysis in modelling (UAM) for design, operation, and safety analysis of LWRs.  Volume II: specification and support data for the core cases (phase II).",
  journal = "Nuclear Energy Agency/Nuclear Science Committee of the Organization for Economic Cooperation and Development",
  year = "2014",
  volume = "Version 2",
  publisher = "NEA/NSC/DOC"}
  
@inproceedings{karhunen,
  title={Karhunen-Loeve expansion and factor analysis, theoretical remarks and applications},
  author={Watanabe, Satosi},
  booktitle={Proc. 4th Prague Conf. Inform. Theory}
  year={1965}
}

@article{physor2016, 
author = "Talbot and Wang and Rabiti and Prinja", 
Title = "{Multistep input reduction for high dimensional uncertainty quantification in raven code}", 
journal = "Proceedings of PHYSOR",
institution = "American Nuclear Society",
YEAR = 2016, 
}

@article{scale,
  title={SCALE: A Comprehensive Modeling and Simulation Suite for Nuclear Safety Analysis and Design},
  author={ORNL, SCALE Manual Scale},
  journal={ORNL/TM-2005/39, Version},
  volume={6}
}

@article{sudret,
  title={Global sensitivity analysis using polynomial chaos expansions},
  author={Sudret},
  journal={Reliability Engineering \& System Safety},
  volume={93},
  number={7},
  pages={964--979},
  year={2008},
  publisher={Elsevier}
}

@incollection{sfugenz,
  title={A package for testing multiple integration subroutines},
  author={Genz},
  booktitle={Numerical Integration},
  pages={337--340},
  year={1987},
  publisher={Springer}
}

@inproceedings{ishigami,
  title={An importance quantification technique in uncertainty analysis for computer models},
  author={Ishigami, T and Homma, Toshimitsu},
  booktitle={Uncertainty Modeling and Analysis, 1990. Proceedings., First International Symposium on},
  pages={398--403},
  year={1990},
  organization={IEEE}
}

@article{ishigami2,
  title={Calculations of sobol indices for the gaussian process metamodel},
  author={Marrel, Amandine and Iooss, Bertrand and Laurent, Beatrice and Roustant, Olivier},
  journal={Reliability Engineering \& System Safety},
  volume={94},
  number={3},
  pages={742--751},
  year={2009},
  publisher={Elsevier}
}
