@article{Ayres,
	Author = {D. Ayres and M. D. Eaton},
	Journal = {Annals of Nuclear Energy},
	Month = {May},
	Numpages = {23},
	Pages = {379--402},
	Title = {Uncertainty quantification in nuclear criticality modelling using a high dimensional model representation},
	Volume = {80},
	Year = {2015}}

@InProceedings{cristiansmeared,
  title="Fuel Reliability Analysis using Bison and Raven",
  booktitle = "PSA 2015 Probabilistic Safety Assessment and Analysis",
  Author = "C. Rabiti and J. Cogliati and G. Pastore and R. J. Gardner and A. Alfonsi",
  month="April",
  year="2015",
  address="Sun Valley, Idaho"
}

@aricle{lhs,
  title="A comparison of three methods for selecting values of input variables in the analysis of output from a computer code",
  journal="Technometrics",
  volume="21",
  number="2",
  pages="239--245",
  year="1979",
  author="M. D. McKay and R. J. Beckman and W. J. Conover"
}

@article{wiener,
  title="The homogeneous chaos",
  author="N. Wiener",
  journal="American Journal of Mathematics",
  volume="60",
  pages="897--936",
  year="1938"
}

@article{moose,
  title = "MOOSE: A parallel computational framework for coupled systems of nonlinear equations ",
  journal = "Nuclear Engineering and Design ",
  volume = "239",
  number = "10",
  pages = "1768 - 1778",
  year = "2009",
  note = "",
  OPTissn = "0029-5493",
  OPTdoi = "http://dx.doi.org/10.1016/j.nucengdes.2009.05.021",
  OPTurl = "http://www.sciencedirect.com/science/article/pii/S0029549309002635",
  author = "Derek Gaston and Chris Newman and Glen Hansen and Damien Lebrun-Grandié"
}

@article{bison,
  title = "Three dimensional coupled simulation of thermomechanics, heat, and oxygen diffusion in nuclear fuel rods ",
  journal = "Journal of Nuclear Materials ",
  volume = "392",
  number = "1",
  pages = "6 - 15",
  year = "2009",
  note = "",
  OPTissn = "0022-3115",
  OPTdoi = "http://dx.doi.org/10.1016/j.jnucmat.2009.03.035",
  OPTurl = "http://www.sciencedirect.com/science/article/pii/S0022311509004450",
  author = "Chris Newman and Glen Hansen and Derek Gaston"
}

@InProceedings{raven,
  title="RAVEN, a new software for dynamic risk analysis",
  booktitle = "PSAM 12 Probabilistic Safety Assessment and Management",
  Author = "C. Rabiti and A. Alfonsi and D. Mandelli and J. Cogliati and R. Kinoshita",
  month="June",
  year="2014",
  address="Honolulu, Hawaii"
}

@article{xiu,
  author = {Xiu, D. and Karniadakis, G.},
  title = {The Wiener--Askey Polynomial Chaos for Stochastic Differential Equations},
  journal = {SIAM Journal on Scientific Computing},
  volume = {24},
  number = {2},
  pages = {619-644},
  year = {2002},
  OPTdoi = {10.1137/S1064827501387826},
  OPTURL = {http://epubs.siam.org/doi/abs/10.1137/S1064827501387826},
  OPTeprint = {http://epubs.siam.org/doi/pdf/10.1137/S1064827501387826}
}

@article{Wiener-Askey,
  title="Some basic hypergeometric orthogonal polynomials that generalize Jacobi polynomials",
  author="R. Askey and J. Wilson",
  journal="Memoirs of the American Mathematical Society",
  volume="54",
  pages="1--55",
  year="1985"
}

#HC and TD
@incollection{hctd,
  year={1997},
  OPTisbn={978-3-0348-9808-9},
  booktitle={Multivariate Approximation and Splines},
  volume={125},
  series={ISNM International Series of Numerical Mathematics},
  editor={Nürnberger, Günther and Schmidt, JochenW. and Walz, Guido},
  OPTdoi={10.1007/978-3-0348-8871-4_15},
  title={The Curse of Dimension and a Universal Method For Numerical Integration},
  OPTurl={http://dx.doi.org/10.1007/978-3-0348-8871-4_15},
  publisher={Birkhäuser Basel},
  author={Novak, Erich and Ritter, Klaus},
  pages={177-187},
  language={English}
}

@inproceedings{smolyak,
  title={Quadrature and interpolation formulas for tensor products of certain classes of functions},
  author={Smolyak, Sergey A},
  booktitle={Dokl. Akad. Nauk SSSR},
  volume={4},
  number={240-243},
  pages={123},
  year={1963}
}

@article{goodclenshaw,
  title="Is Guass Quadrature better than Clenshaw-Curtis?",
  author="Lloyd N. Trefethen",
  journal="SIAM Review",
  volume="50",
  number="1",
  pages="67--87",
  year="2008"
}

@article{Gerstner,
  title="Dimension-adaptive tensor-product quadrature",
  author="T. Gerstner and M. Griebel",
  journal="Computing",
  volume="71",
  year="2003"
}

@article{bigbison,
  title="Uncertainty and sensitivity analysis of the nuclear fuel thermal behavior",
  author="A. Boulore and C. Struzik and F. Gaudier",
  journal="Nuclear Engineering and Design",
  volume="253",
  pages="200--210",
  year="2012"
}

#from uq.bib
@article{benchmark,
  title={Argonne Code Center: Benchmark Problem Book},
  author={Argonne National Laboratory},
  journal={ANL-7416 M\&C Division of ANS},
  year={1968}
}

@article{SCLagrange, 
auTHor = "Ivo Babuska and Fabio Nobile and Raul Tempone", 
Title = "{A Stochastic Collocation Method for Elliptic Partial Differential Equations with Random Input Data}", 
journal = "SIAM Journal on Numerical Analysis",
volume = 45,
YEAR = 2007, 
} 

@article{hdmr, 
auTHor = "G. Li and C. Rosenthal and H. Rabitz", 
Title = "{High Dimensional Model Representations}", 
journal = "J. Phys. Chem. A",
volume = 105,
YEAR = 2001, 
} 

@article{hdmr_neutron, 
auTHor = "Zhengzheng Hu and Ralph C. Smith and Jeffrey Willert and C. T. Kelley", 
Title = "{High Dimensional Model Representations for the Neutron Transport Equation}", 
journal = "NS\&E",
volume = 177,
YEAR = 2014, 
} 

#no TD or HC, just SC
@article{sparseSC, 
auTHor = "Nobile and Tempone and Webster", 
Title = "{A Sparse Grid Stochastic Collocation Method for Partial Differential Equations with Random Input Data}", 
journal = "SIAM Journal on Numerical Analysis",
volume = 46,
YEAR = 2008, 
} 

@article{sparse1, 
auTHor = "Voker Barthelmann and Erich Novak and Klaus Ritter", 
Title = "{High dimensional polynomial interpolation on sparse grids}", 
journal = "Advances in Computational Mathematics",
volume = 12,
YEAR = 2000, 
} 

@article{sparse2, 
auTHor = "Hans-Joachim Bungartz and Michael Griebel", 
Title = "{Sparse Grids}", 
journal = "Acta Numerica",
volume = 13,
YEAR = 2004, 
}

@book{textbook,
Author = {Le Ma\^{i}tre, O. P. and Knio, O. M.},
Date-Added = {2014-06-30},
Date-Modified = {2014-06-30},
Edition = {1st},
Publisher = {Springer},
Title = {Spectral Methods for Uncertainty Quantification With Applications to Computational Fluid Dynamics},
Year = {2010}}​

@article{erin01, 
auTHor = "E. D. Fichtl and A. K. Prinja", 
Title = "{The Stochastic Collocation Method for Radiation Transport in Random Media}", 
journal = "J. Quantitative Spectroscopy \& Radiative Transfer",
volume= 12,
YEAR = 2011, 
}

@article{mike01, 
auTHor = "M.E. Rising and A.K. Prinja and P. Talou", 
Title = "{Prompt Fission Neutron Spectrum Uncertainty Propagation Using Polynomial Chaos Expansion}", 
journal = "Nucl. Sci. Eng.",
volume= 175,
YEAR = 2013, 
}
