@techreport{Trilinos-Overview,
title = "{An Overview of Trilinos}",
author = "Michael Heroux et. al. ", 
institution = "Sandia National Laboratories",
number = "SAND2003-2927",
year = 2003}

%and Roscoe Bartlett and Vicki Howle Robert Hoekstra and Jonathan Hu and Tamara Kolda and Richard Lehoucq and Kevin Long and Roger Pawlowski and Eric Phipps and Andrew Salinger and Heidi Thornquist and Ray Tuminaro and James Willenbring and Alan Williams ",
@article{benchmark,
  title={Argonne Code Center: Benchmark Problem Book},
  author={Argonne National Laboratory},
  journal={ANL-7416 M\&C Division of ANS},
  year={1968}
}

@article{SCLagrange, 
auTHor = "Ivo Babuska and Fabio Nobile and Raul Tempone,", 
Title = "{A Stochastic Collocation Method for Elliptic Partial Differential Equations with Random Input Data}", 
journal = "SIAM Journal on Numerical Analysis",
volume = 45,
YEAR = 2007, 
} 

@article{hdmr, 
auTHor = "G. Li and C. Rosenthal and H. Rabitz", 
Title = "{High Dimensional Model Representations}", 
journal = "J. Phys. Chem. A",
volume = 105,
YEAR = 2001, 
} 

@article{hdmr_neutron, 
auTHor = "Zhengzheng Hu and Ralph C. Smith and Jeffrey Willert and C. T. Kelley", 
Title = "{High Dimensional Model Representations for the Neutron Transport Equation}", 
journal = "NS\&E",
volume = 177,
YEAR = 2014, 
} 

@article{sparseSC, 
auTHor = "Nobile and Tempone and Webster", 
Title = "{A Sparse Grid Stochastic Collocation Method for Partial Differential Equations with Random Input Data}", 
journal = "SIAM Journal on Numerical Analysis",
volume = 46,
YEAR = 2008, 
} 

@article{sparse1, 
auTHor = "Voker Barthelmann and Erich Novak and Klaus Ritter", 
Title = "{High dimensional polynomial interpolation on sparse grids}", 
journal = "Advances in Computational Mathematics",
volume = 12,
YEAR = 2000, 
} 

@article{sparse2, 
auTHor = "Hans-Joachim Bungartz and Michael Griebel", 
Title = "{Sparse Grids}", 
journal = "Acta Numerica",
volume = 13,
YEAR = 2004, 
}

@book{textbook,
Author = {Le Ma\^{i}tre, O. P. and Knio, O. M.},
Date-Added = {2014-06-30},
Date-Modified = {2014-06-30},
Edition = {1st},
Publisher = {Springer},
Title = {Spectral Methods for Uncertainty Quantification With Applications to Computational Fluid Dynamics},
Year = {2010}}â€‹

@article{erin01, 
auTHor = "E. D. Fichtl and A. K. Prinja", 
Title = "{The Stochastic Collocation Method for Radiation Transport in Random Media}", 
journal = "J. Quantitative Spectroscopy \& Radiative Transfer",
volume= 12,
YEAR = 2011, 
}

@article{mike01, 
auTHor = "M.E. Rising and A.K. Prinja and P. Talou", 
Title = "{Prompt Fission Neutron Spectrum Uncertainty Propagation Using Polynomial Chaos Expansion}", 
journal = "Nucl. Sci. Eng.",
volume= 175,
YEAR = 2013, 
}