




@article{doi:10.1137/S1064827501387826,
author = {Xiu, D. and Karniadakis, G.},
title = {The Wiener--Askey Polynomial Chaos for Stochastic Differential Equations},
journal = {SIAM Journal on Scientific Computing},
volume = {24},
number = {2},
pages = {619-644},
year = {2002},
doi = {10.1137/S1064827501387826},

URL = {http://epubs.siam.org/doi/abs/10.1137/S1064827501387826},
eprint = {http://epubs.siam.org/doi/pdf/10.1137/S1064827501387826}
}


